@Misc{twitterusers,
	author = {Shea Bennett},
	title  ={Twitter On Track For 500 Million Total Users By March, 250 Million Active Users By End Of 2012},
	year = {2012},
	url = {http://www.mediabistro.com/alltwitter/twitter-active-total-users_b17655}
}

@book{rogers,
		author = {Rogers, E. M.},
		title = {Diffusion of Innovations},
		year = {2003},
		publisher = {Simon and Schuster},
		address = {New York, New York}
}

@article{nem,
		author = {Nemhauser, G., Wolsey, L, Fisher, M.},
		title = {An analysis of the approximations for maximising submodular set functions.},
		year = {1978},
		journal = {Mathematical Programming},
}

@article{goldlimul,
author = {Goldenberg, J., Libai, B., Muller, E.}, 
title = {Talk of the Network: A Complex System Look at the Underlying Process of Word-of-Mouth}, 
year = {2001}, 
URL = {http://www.complexmarkets.com/files/TalkofNetworks.pdf}, 
journal = {Marketing Letters} 
}

@article{kempe,
author = {Kempe, D., Kleinberg, J.,  Tardos, E.}, 
title = {Maximizing the Spread of Influence through a Social Network}, 
URL = {http://www.cs.cornell.edu/home/kleinber/kdd03-inf.pdf},
journal = {ACM} 
}

@article{mossel,
author = {Mossel, E., Roch, S.}, 
title = {Submodularity of Influence in Social Networks: From Local to Global},
year = {2009},
URL = {http://arxiv.org/pdf/math/0612046.pdf},
journal = {SIAM} 
}

@article{budak,
author = {Budak, C., Agrawal, D., Abbadi, A.}, 
title = {Limiting the Spread of Misinformation in Social Networks},
year = {2011},
URL = {http://www.cs.ucsb.edu/~cbudak/Ceren2011WWW.pdf},
journal = {ACM} 
}

@inproceedings{muslims,
author = {Sen, A., Davulcu, H.}, 
title = {Influence Propogation in Adverserial Social Network -- Impact of Space and Time}
year = {2009},
URL = {http://www.ncgia.ucsb.edu/projects/spatio-temporal/docs/Davulcu-Sen-position.pdf},
booktitle = {2010 Specialist Meetingâ€”Spatio-Temporal Constraints on Social Networks}
}

@inproceedings{digg,
author = {Steeg, G., Ghosh, R., Lerman, K.}, 
title = {What Stops Social Epidemics?},
year = {2011},
URL = {http://www.cs.ucsb.edu/~cbudak/Ceren2011WWW.pdf},
booktitle = {Proceeding of the Fifth International AAAI Conference on Weblogs and Social Media} 
}

@Misc{infoq,
	author = {Mike Rozlog},
	title  = {REST and SOAP: When Should I Use Each (or Both)?},
	year = {2010},
	url = {http://www.infoq.com/articles/rest-soap-when-to-use-each}
}

@Misc{ajoxonomy,
	author = {Shea Bennett},
	title  ={Web Services, Part 1: SOAP vs. REST},
	year = {2008},
	url = {http://www.ajaxonomy.com/2008/xml/web-services-part-1-soap-vs-rest}
}


