@Misc{sqlitelimits,
	author = {SQLite},
	title  ={Limits in SQLite},
	year = {},
	url = {http://www.sqlite.org/limits.html}
}