@Misc{alltwitter,
	author = {Shea Bennett},
	title  ={Twitter {O}n {T}rack {F}or 500 {M}illion {T}otal {U}sers {B}y {M}arch, 250 {M}illion {A}ctive {U}sers {B}y {E}nd {O}f 2012},
	year = {2012},
	url = {http://www.mediabistro.com/alltwitter/twitter-active-total-users_b17655}
}